@article{gamow1928quantum,
	title={The quantum theory of nuclear disintegration},
	author={Gamow, George},
	journal={Nature},
	volume={122},
	number={3082},
	pages={805--806},
	year={1928},
	publisher={Nature Publishing Group}
}

@phdthesis{Masoumi:2015psa,
	author = "Masoumi, Ali",
	title = "{Topics in vacuum decay}",
	eprint = "1505.06397",
	archivePrefix = "arXiv",
	primaryClass = "hep-th",
	%school = "Columbia U.",
	year = "2013"
}

@book{feynman2010quantum,
	title={Quantum mechanics and path integrals},
	author={Feynman, Richard P and Hibbs, Albert R and Styer, Daniel F},
	year={2010},
	publisher={Courier Corporation}
}

@book{kleinert2009path,
	title={Path integrals in quantum mechanics, statistics, polymer physics, and financial markets},
	author={Kleinert, Hagen},
	year={2009},
	publisher={World scientific}
}

@book{razavy2003quantum,
  title={Quantum theory of tunneling},
  author={Razavy, Mohsen},
  year={2003},
  publisher={World Scientific}
}

@article{Kobzarev:1974cp,
    author = "Kobzarev, I.Yu. and Okun, L.B. and Voloshin, M.B.",
    title = "{Bubbles in Metastable Vacuum}",
    reportNumber = "ITEP-81-1974",
    journal = "Sov. J. Nucl. Phys.",
    volume = "20",
    pages = "644--646",
    year = "1975"
}

@article{coleman1977fate,
  title={Fate of the false vacuum: Semiclassical theory},
  author={Coleman, Sidney},
  journal={Physical Review D},
  volume={15},
  number={10},
  pages={2929},
  year={1977},
  publisher={APS}
}

@book{das2006field,
	title={Field Theory: A Path Integral Approach},
	edition = {2},
	author={Das, A.},
	isbn={9789814477680},
	series={World Scientific Lecture Notes In Physics},
	%url={https://books.google.com.pe/books?id=ub3ICgAAQBAJ},
	year={2006},
	publisher={World Scientific Publishing Company}
}

@article{callan1977fate,
  title={Fate of the false vacuum. II. First quantum corrections},
  author={Callan Jr, Curtis G and Coleman, Sidney},
  journal={Physical Review D},
  volume={16},
  number={6},
  pages={1762},
  year={1977},
  publisher={APS}
}

@article{coleman1980gravitational,
  title={Gravitational effects on and of vacuum decay},
  author={Coleman, Sidney and De Luccia, Frank},
  journal={Physical Review D},
  volume={21},
  number={12},
  pages={3305},
  year={1980},
  publisher={APS}
}

@book{paranjape2017theory,
	title={The theory and applications of instanton calculations},
	author={Paranjape, Manu},
	year={2017},
	publisher={Cambridge University Press}
}

@article{guth1981inflationary,
  title={Inflationary universe: A possible solution to the horizon and flatness problems},
  author={Guth, Alan H},
  journal={Physical Review D},
  volume={23},
  number={2},
  pages={347},
  year={1981},
  publisher={APS}
}

@article{hawking1982supercooled,
  title={Supercooled phase transitions in the very early universe},
  author={Hawking, Stephen William and Moss, Ian L},
  journal={Physics Letters B},
  volume={110},
  number={1},
  pages={35--38},
  year={1982},
  publisher={Elsevier}
}

@article{hawking1998open,
  title={Open inflation without false vacua},
  author={Hawking, Stephen William and Turok, Neil},
  journal={Physics Letters B},
  volume={425},
  number={1-2},
  pages={25--32},
  year={1998},
  publisher={Elsevier}
}

@article{hackworth2005oscillating,
  title={Oscillating bounce solutions and vacuum tunneling in de Sitter spacetime},
  author={Hackworth, James C and Weinberg, Erick J},
  journal={Physical Review D},
  volume={71},
  number={4},
  pages={044014},
  year={2005},
  publisher={APS}
}

@article{guth2007eternal,
  title={Eternal inflation and its implications},
  author={Guth, Alan H},
  journal={Journal of Physics A: Mathematical and Theoretical},
  volume={40},
  number={25},
  pages={6811},
  year={2007},
  publisher={IOP Publishing}
}

@article{guth1981cosmological,
  title={Cosmological consequences of a first-order phase transition in the S U 5 grand unified model},
  author={Guth, Alan H and Weinberg, Erick J},
  journal={Physical Review D},
  volume={23},
  number={4},
  pages={876},
  year={1981},
  publisher={APS}
}

@article{ellis2009probable,
  title={The probable fate of the standard model},
  author={Ellis, J and Espinosa, JR and Giudice, GF and Hoecker, A and Riotto, A},
  journal={Physics Letters B},
  volume={679},
  number={4},
  pages={369--375},
  year={2009},
  publisher={Elsevier}
}

@article{aguirre2007towards,
  title={Towards observable signatures of other bubble universes},
  author={Aguirre, Anthony and Johnson, Matthew C and Shomer, Assaf},
  journal={Physical Review D},
  volume={76},
  number={6},
  pages={063509},
  year={2007},
  publisher={APS}
}

@article{feeney2011first,
  title={First observational tests of eternal inflation: analysis methods and WMAP 7-year results},
  author={Feeney, Stephen M and Johnson, Matthew C and Mortlock, Daniel J and Peiris, Hiranya V},
  journal={Physical Review D},
  volume={84},
  number={4},
  pages={043507},
  year={2011},
  publisher={APS}
}

@article{kosowsky1992gravitational,
  title={Gravitational radiation from colliding vacuum bubbles},
  author={Kosowsky, Arthur and Turner, Michael S and Watkins, Richard},
  journal={Physical Review D},
  volume={45},
  number={12},
  pages={4514},
  year={1992},
  publisher={APS}
}

@article{axen2018multiwavelength,
  title={Multiwavelength observations of cosmological phase transitions using LISA and Cosmic Explorer},
  author={Axen, Margot Fitz and Banagiri, Sharan and Matas, Andrew and Caprini, Chiara and Mandic, Vuk},
  journal={Physical Review D},
  volume={98},
  number={10},
  pages={103508},
  year={2018},
  publisher={APS}
}

@article{fialko2015fate,
  title={Fate of the false vacuum: towards realization with ultra-cold atoms},
  author={Fialko, Oleksandr and Opanchuk, Bogdan and Sidorov, AI and Drummond, PD and Brand, Joachim},
  journal={EPL (Europhysics Letters)},
  volume={110},
  number={5},
  pages={56001},
  year={2015},
  publisher={IOP Publishing}
}

@article{billam2019simulating,
  title={Simulating seeded vacuum decay in a cold atom system},
  author={Billam, Thomas P and Gregory, Ruth and Michel, Florent and Moss, Ian G},
  journal={Physical Review D},
  volume={100},
  number={6},
  pages={065016},
  year={2019},
  publisher={APS}
}

@article{lee2005fate,
  title={The fate of the false vacuum in Einstein gravity theory with nonminimally-coupled scalar field},
  author={Lee, Wonwoo and Lee, Chul H},
  journal={International Journal of Modern Physics D},
  volume={14},
  number={06},
  pages={1063--1073},
  year={2005},
  publisher={World Scientific}
}

@book{rubakov2009classical,
  title={Classical theory of gauge fields},
  author={Rubakov, Valery},
  year={2009},
  publisher={Princeton University Press}
}

@phdthesis{Ai:2019dqr,
	author = "Ai, Wen-Yuan",
	title = "{Aspects of false vacuum decay}",
	%school = "Munich, Tech. U.",
	year = "2019"
}

@book{weinberg2012classical,
  title={Classical solutions in quantum field theory: Solitons and Instantons in High Energy Physics},
  author={Weinberg, Erick J},
  year={2012},
  publisher={Cambridge University Press}
}

@article{andreassen2016direct,
  title={Direct approach to quantum tunneling},
  author={Andreassen, Anders and Farhi, David and Frost, William and Schwartz, Matthew D},
  journal={Physical review letters},
  volume={117},
  number={23},
  pages={231601},
  year={2016},
  publisher={APS}
}

@article{andreassen2017precision,
  title={Precision decay rate calculations in quantum field theory},
  author={Andreassen, Anders and Farhi, David and Frost, William and Schwartz, Matthew D},
  journal={Physical Review D},
  volume={95},
  number={8},
  pages={085011},
  year={2017},
  publisher={APS}
}